
@book{EMT1974,
  author    = {C. Evelyn and G. Money-Coutts and J. Tyrrell},
  publisher = {Stacey Int., London},
  title     = {The seven circles theorem and
               other new theorems},
  year      = {1974}
}
